@inproceedings{silver2014deterministic,
      title={Deterministic policy gradient algorithms},
      author={Silver, David and Lever, Guy and Heess, Nicolas and Degris, Thomas and Wierstra, Daan and Riedmiller, Martin},
      booktitle={International conference on machine learning},
      pages={387--395},
      year={2014},
      organization={Pmlr}
}

@misc{mnih2013playingatarideepreinforcement,
      title={Playing Atari with Deep Reinforcement Learning}, 
      author={Volodymyr Mnih and Koray Kavukcuoglu and David Silver and Alex Graves and Ioannis Antonoglou and Daan Wierstra and Martin Riedmiller},
      year={2013},
      eprint={1312.5602},
      archivePrefix={arXiv},
      primaryClass={cs.LG},
      url={https://arxiv.org/abs/1312.5602}, 
}

@article{lillicrap2015continuous,
      title={Continuous control with deep reinforcement learning},
      author={Lillicrap, Timothy P and Hunt, Jonathan J and Pritzel, Alexander and Heess, Nicolas and Erez, Tom and Tassa, Yuval and Silver, David and Wierstra, Daan},
      journal={arXiv preprint arXiv:1509.02971},
      year={2015}
}

@misc{ioffe2015batchnormalizationacceleratingdeep,
      title={Batch Normalization: Accelerating Deep Network Training by Reducing Internal Covariate Shift}, 
      author={Sergey Ioffe and Christian Szegedy},
      year={2015},
      eprint={1502.03167},
      archivePrefix={arXiv},
      primaryClass={cs.LG},
      url={https://arxiv.org/abs/1502.03167}, 
}

@misc{fujimoto2018addressingfunctionapproximationerror,
      title={Addressing Function Approximation Error in Actor-Critic Methods}, 
      author={Scott Fujimoto and Herke van Hoof and David Meger},
      year={2018},
      eprint={1802.09477},
      archivePrefix={arXiv},
      primaryClass={cs.AI},
      url={https://arxiv.org/abs/1802.09477}, 
}

@inproceedings{10.5555/645528.657613,
    author = {Ng, Andrew Y. and Harada, Daishi and Russell, Stuart J.},
    title = {Policy Invariance Under Reward Transformations: Theory and Application to Reward Shaping},
    year = {1999},
    isbn = {1558606122},
    publisher = {Morgan Kaufmann Publishers Inc.},
    address = {San Francisco, CA, USA},
    booktitle = {Proceedings of the Sixteenth International Conference on Machine Learning},
    pages = {278â€“287},
    numpages = {10},
    series = {ICML '99}
}

@misc{andrychowicz2018hindsightexperiencereplay,
      title={Hindsight Experience Replay}, 
      author={Marcin Andrychowicz and Filip Wolski and Alex Ray and Jonas Schneider and Rachel Fong and Peter Welinder and Bob McGrew and Josh Tobin and Pieter Abbeel and Wojciech Zaremba},
      year={2018},
      eprint={1707.01495},
      archivePrefix={arXiv},
      primaryClass={cs.LG},
      url={https://arxiv.org/abs/1707.01495}, 
}